@book{geron2019hands,
	title={Hands-On Machine Learning with Scikit-Learn, Keras, and TensorFlow: Concepts, Tools, and Techniques to Build Intelligent Systems},
	author={G{\'e}ron, A.},
	isbn={9781492032618},
	year={2019},
	publisher={O'Reilly Media}
}
@misc{wilson2018marginal,
	title={The Marginal Value of Adaptive Gradient Methods in Machine Learning}, 
	author={Ashia C. Wilson and Rebecca Roelofs and Mitchell Stern and Nathan Srebro and Benjamin Recht},
	year={2018},
	eprint={1705.08292},
	publisher={arXiv: 1705.08292},
	primaryClass={stat.ML}
}
@misc{huang2018densely,
	title={Densely Connected Convolutional Networks}, 
	author={Gao Huang and Zhuang Liu and Laurens van der Maaten and Kilian Q. Weinberger},
	year={2018},
	eprint={1608.06993},
	archivePrefix={arXiv},
	publisher={arXiv: 1608.06993},
	primaryClass={cs.CV}
}