@book{geron2019hands,
	title={Hands-On Machine Learning with Scikit-Learn, Keras, and TensorFlow: Concepts, Tools, and Techniques to Build Intelligent Systems},
	author={G{\'e}ron, A.},
	isbn={9781492032618},
	year={2019},
	publisher={O'Reilly Media}
}
